@article{kmeans,
  title={Algorithm AS 136: A k-means clustering algorithm},
  author={Hartigan, John A and Wong, Manchek A},
  journal={Applied statistics},
  pages={100--108},
  year={1979},
  publisher={JSTOR}
}

@book{kmedoids,
  title={Clustering by means of medoids},
  author={Kaufman, Leonard and Rousseeuw, Peter},
  year={1987},
  publisher={North-Holland}
}

@inproceedings{nmf,
  title={Generalized nonnegative matrix approximations with Bregman divergences},
  author={Sra, Suvrit and Dhillon, Inderjit S},
  booktitle={Advances in neural information processing systems},
  pages={283--290},
  year={2005}
}


@article{randomprojection,
  title={Extensions of Lipschitz mappings into a Hilbert space},
  author={Johnson, William B and Lindenstrauss, Joram},
  journal={Contemporary mathematics},
  volume={26},
  number={189-206},
  pages={1},
  year={1984}
}

@misc{pca,
  title={On Lines and Planes of Closest Fit to System of Points in Space. Philiosophical Magazine, 2, 559-572},
  author={Person, K},
  year={1901}
}

@misc{ica,
  title={Independent component analysis: a tutorial introduction},
  author={James, V Stone},
  year={2004},
  publisher={Cambridge, Mass MIT Press}
}

@article{randindex,
  title={Objective criteria for the evaluation of clustering methods},
  author={Rand, William M},
  journal={Journal of the American Statistical association},
  volume={66},
  number={336},
  pages={846--850},
  year={1971},
  publisher={Taylor \& Francis Group}
}

@article{hierarchical,
  title={Hierarchical grouping to optimize an objective function},
  author={Ward Jr, Joe H},
  journal={Journal of the American statistical association},
  volume={58},
  number={301},
  pages={236--244},
  year={1963},
  publisher={Taylor \& Francis}
}

@article{hungarian,
  title={The Hungarian method for the assignment problem},
  author={Kuhn, Harold W},
  journal={Naval research logistics quarterly},
  volume={2},
  number={1-2},
  pages={83--97},
  year={1955},
  publisher={Wiley Online Library}
}

@article{gap,
  title={Estimating the number of clusters in a data set via the gap statistic},
  author={Tibshirani, Robert and Walther, Guenther and Hastie, Trevor},
  journal={Journal of the Royal Statistical Society: Series B (Statistical Methodology)},
  volume={63},
  number={2},
  pages={411--423},
  year={2001},
  publisher={Wiley Online Library}
}

@article{silhouettes,
  title={Silhouettes: a graphical aid to the interpretation and validation of cluster analysis},
  author={Rousseeuw, Peter J},
  journal={Journal of computational and applied mathematics},
  volume={20},
  pages={53--65},
  year={1987},
  publisher={Elsevier}
}